<?xml version="1.0" encoding="UTF-8"?>
  <record xmlns="http://www.loc.gov/MARC21/slim" type="Authority">
    <leader>00000nz  a2200000nc 4500</leader>
    <controlfield tag="001">118683519</controlfield>
    <controlfield tag="003">DE-101</controlfield>
    <controlfield tag="005">20220309171249.0</controlfield>
    <controlfield tag="008">880701n||azznnaabn           | aaa    |c</controlfield>
    <datafield tag="024" ind1="7" ind2=" ">
      <subfield code="a">118683519</subfield>
      <subfield code="0">http://d-nb.info/gnd/118683519</subfield>
      <subfield code="2">gnd</subfield>
    </datafield>
    <datafield tag="035" ind1=" " ind2=" ">
      <subfield code="a">(DE-101)118683519</subfield>
    </datafield>
    <datafield tag="035" ind1=" " ind2=" ">
      <subfield code="a">(DE-588)118683519</subfield>
    </datafield>
    <datafield tag="035" ind1=" " ind2=" ">
      <subfield code="z">(DE-588a)118683519</subfield>
      <subfield code="9">v:zg</subfield>
    </datafield>
    <datafield tag="035" ind1=" " ind2=" ">
      <subfield code="z">(DE-588c)4091632-7</subfield>
      <subfield code="9">v:zg</subfield>
    </datafield>
    <datafield tag="040" ind1=" " ind2=" ">
      <subfield code="a">DE-101</subfield>
      <subfield code="c">DE-101</subfield>
      <subfield code="9">r:DE-101</subfield>
      <subfield code="b">ger</subfield>
      <subfield code="d">9999</subfield>
      <subfield code="e">rda</subfield>
    </datafield>
    <datafield tag="042" ind1=" " ind2=" ">
      <subfield code="a">gnd1</subfield>
    </datafield>
    <datafield tag="043" ind1=" " ind2=" ">
      <subfield code="c">XA-DE</subfield>
    </datafield>
    <datafield tag="065" ind1=" " ind2=" ">
      <subfield code="a">3.6p</subfield>
      <subfield code="2">sswd</subfield>
    </datafield>
    <datafield tag="075" ind1=" " ind2=" ">
      <subfield code="b">p</subfield>
      <subfield code="2">gndgen</subfield>
    </datafield>
    <datafield tag="075" ind1=" " ind2=" ">
      <subfield code="b">piz</subfield>
      <subfield code="2">gndspec</subfield>
    </datafield>
    <datafield tag="079" ind1=" " ind2=" ">
      <subfield code="a">g</subfield>
      <subfield code="q">s</subfield>
      <subfield code="q">a</subfield>
      <subfield code="q">f</subfield>
      <subfield code="u">w</subfield>
    </datafield>
    <datafield tag="100" ind1="1" ind2=" ">
      <subfield code="a">Feucht, Jakob</subfield>
      <subfield code="d">1540-1580</subfield>
    </datafield>
    <datafield tag="375" ind1=" " ind2=" ">
      <subfield code="a">1</subfield>
      <subfield code="2">iso5218</subfield>
    </datafield>
    <datafield tag="400" ind1="1" ind2=" ">
      <subfield code="a">Feucht, Jacob</subfield>
      <subfield code="d">1540-1580</subfield>
    </datafield>
    <datafield tag="400" ind1="1" ind2=" ">
      <subfield code="a">Feucht, Jacobus</subfield>
      <subfield code="d">1540-1580</subfield>
    </datafield>
    <datafield tag="400" ind1="1" ind2=" ">
      <subfield code="a">Feichtius, Jacobus</subfield>
      <subfield code="d">1540-1580</subfield>
    </datafield>
    <datafield tag="400" ind1="1" ind2=" ">
      <subfield code="a">Feuchth, Jacobus</subfield>
      <subfield code="d">1540-1580</subfield>
    </datafield>
    <datafield tag="400" ind1="1" ind2=" ">
      <subfield code="a">Feuchthius, Jacobus</subfield>
      <subfield code="d">1540-1580</subfield>
    </datafield>
    <datafield tag="400" ind1="1" ind2=" ">
      <subfield code="a">Feuchtius, Jacobus</subfield>
      <subfield code="d">1540-1580</subfield>
    </datafield>
    <datafield tag="400" ind1="1" ind2=" ">
      <subfield code="a">Feychthius, Jacobus</subfield>
      <subfield code="d">1540-1580</subfield>
    </datafield>
    <datafield tag="400" ind1="1" ind2=" ">
      <subfield code="a">Feychtius, Jacobus</subfield>
      <subfield code="d">1540-1580</subfield>
    </datafield>
    <datafield tag="400" ind1="0" ind2=" ">
      <subfield code="a">J.F.</subfield>
      <subfield code="d">1540-1580</subfield>
    </datafield>
    <datafield tag="500" ind1="1" ind2=" ">
      <subfield code="0">(DE-101)118879251</subfield>
      <subfield code="0">(DE-588)118879251</subfield>
      <subfield code="0">https://d-nb.info/gnd/118879251</subfield>
      <subfield code="a">Ertlin, Johann</subfield>
      <subfield code="d">1545-1607</subfield>
      <subfield code="4">beza</subfield>
      <subfield code="4">https://d-nb.info/standards/elementset/gnd#acquaintanceshipOrFriendship</subfield>
      <subfield code="w">r</subfield>
      <subfield code="i">Bekanntschaft</subfield>
      <subfield code="e">Bekanntschaft</subfield>
      <subfield code="9">v:VD-16 Mitverf.</subfield>
    </datafield>
    <datafield tag="500" ind1="1" ind2=" ">
      <subfield code="0">(DE-101)118107011</subfield>
      <subfield code="0">(DE-588)118107011</subfield>
      <subfield code="0">https://d-nb.info/gnd/118107011</subfield>
      <subfield code="a">Peltanus, Theodor Anton</subfield>
      <subfield code="d">1511-1584</subfield>
      <subfield code="4">beza</subfield>
      <subfield code="4">https://d-nb.info/standards/elementset/gnd#acquaintanceshipOrFriendship</subfield>
      <subfield code="w">r</subfield>
      <subfield code="i">Bekanntschaft</subfield>
      <subfield code="e">Bekanntschaft</subfield>
      <subfield code="9">v:VD-16 Mitverf.</subfield>
    </datafield>
    <datafield tag="500" ind1="1" ind2=" ">
      <subfield code="a">Schwartz, Georg</subfield>
      <subfield code="4">beza</subfield>
      <subfield code="4">https://d-nb.info/standards/elementset/gnd#acquaintanceshipOrFriendship</subfield>
      <subfield code="w">r</subfield>
      <subfield code="i">Bekanntschaft</subfield>
      <subfield code="e">Bekanntschaft</subfield>
      <subfield code="9">v:VD-16 Mitverf.</subfield>
    </datafield>
    <datafield tag="500" ind1="1" ind2=" ">
      <subfield code="0">(DE-101)119870614</subfield>
      <subfield code="0">(DE-588)119870614</subfield>
      <subfield code="0">https://d-nb.info/gnd/119870614</subfield>
      <subfield code="a">Wilhelmis, Lukas &#152;von&#156;</subfield>
      <subfield code="4">beza</subfield>
      <subfield code="4">https://d-nb.info/standards/elementset/gnd#acquaintanceshipOrFriendship</subfield>
      <subfield code="w">r</subfield>
      <subfield code="i">Bekanntschaft</subfield>
      <subfield code="e">Bekanntschaft</subfield>
      <subfield code="9">v:VD-16 Mitverf.</subfield>
    </datafield>
    <datafield tag="500" ind1="1" ind2=" ">
      <subfield code="0">(DE-101)119650363</subfield>
      <subfield code="0">(DE-588)119650363</subfield>
      <subfield code="0">https://d-nb.info/gnd/119650363</subfield>
      <subfield code="a">Curtius, Nikolaus</subfield>
      <subfield code="4">beza</subfield>
      <subfield code="4">https://d-nb.info/standards/elementset/gnd#acquaintanceshipOrFriendship</subfield>
      <subfield code="w">r</subfield>
      <subfield code="i">Bekanntschaft</subfield>
      <subfield code="e">Bekanntschaft</subfield>
      <subfield code="9">v:VD-16 Mitverf.</subfield>
    </datafield>
    <datafield tag="500" ind1="0" ind2=" ">
      <subfield code="0">(DE-101)118697390</subfield>
      <subfield code="0">(DE-588)118697390</subfield>
      <subfield code="0">https://d-nb.info/gnd/118697390</subfield>
      <subfield code="a">Gregor</subfield>
      <subfield code="b">XIII.</subfield>
      <subfield code="c">Papst</subfield>
      <subfield code="d">1502-1585</subfield>
      <subfield code="4">beza</subfield>
      <subfield code="4">https://d-nb.info/standards/elementset/gnd#acquaintanceshipOrFriendship</subfield>
      <subfield code="w">r</subfield>
      <subfield code="i">Bekanntschaft</subfield>
      <subfield code="e">Bekanntschaft</subfield>
      <subfield code="9">v:VD-16 Mitverf.</subfield>
    </datafield>
    <datafield tag="500" ind1="1" ind2=" ">
      <subfield code="0">(DE-101)118575449</subfield>
      <subfield code="0">(DE-588)118575449</subfield>
      <subfield code="0">https://d-nb.info/gnd/118575449</subfield>
      <subfield code="a">Luther, Martin</subfield>
      <subfield code="d">1483-1546</subfield>
      <subfield code="4">beza</subfield>
      <subfield code="4">https://d-nb.info/standards/elementset/gnd#acquaintanceshipOrFriendship</subfield>
      <subfield code="w">r</subfield>
      <subfield code="i">Bekanntschaft</subfield>
      <subfield code="e">Bekanntschaft</subfield>
      <subfield code="9">v:VD-16 Mitverf.</subfield>
    </datafield>
    <datafield tag="500" ind1="1" ind2=" ">
      <subfield code="0">(DE-101)11955111X</subfield>
      <subfield code="0">(DE-588)11955111X</subfield>
      <subfield code="0">https://d-nb.info/gnd/11955111X</subfield>
      <subfield code="a">Osiander, Lucas</subfield>
      <subfield code="d">1534-1604</subfield>
      <subfield code="4">beza</subfield>
      <subfield code="4">https://d-nb.info/standards/elementset/gnd#acquaintanceshipOrFriendship</subfield>
      <subfield code="w">r</subfield>
      <subfield code="i">Bekanntschaft</subfield>
      <subfield code="e">Bekanntschaft</subfield>
      <subfield code="9">v:VD-16 Mitverf.</subfield>
    </datafield>
    <datafield tag="510" ind1="2" ind2=" ">
      <subfield code="0">(DE-101)1080665633</subfield>
      <subfield code="0">(DE-588)1080665633</subfield>
      <subfield code="0">https://d-nb.info/gnd/1080665633</subfield>
      <subfield code="a">Katholische Kirche</subfield>
      <subfield code="b">Diözese Bamberg</subfield>
      <subfield code="4">affi</subfield>
      <subfield code="4">https://d-nb.info/standards/elementset/gnd#affiliation</subfield>
      <subfield code="w">r</subfield>
      <subfield code="i">Affiliation</subfield>
      <subfield code="e">Affiliation</subfield>
      <subfield code="9">v:Weihbischof</subfield>
      <subfield code="9">Z:1572-1580</subfield>
    </datafield>
    <datafield tag="548" ind1=" " ind2=" ">
      <subfield code="a">1540-1580</subfield>
      <subfield code="4">datl</subfield>
      <subfield code="4">https://d-nb.info/standards/elementset/gnd#dateOfBirthAndDeath</subfield>
      <subfield code="w">r</subfield>
      <subfield code="i">Lebensdaten</subfield>
    </datafield>
    <datafield tag="548" ind1=" " ind2=" ">
      <subfield code="a">XX.XX.1540-26.04.1580</subfield>
      <subfield code="4">datx</subfield>
      <subfield code="4">https://d-nb.info/standards/elementset/gnd#dateOfBirthAndDeath</subfield>
      <subfield code="w">r</subfield>
      <subfield code="i">Exakte Lebensdaten</subfield>
    </datafield>
    <datafield tag="550" ind1=" " ind2=" ">
      <subfield code="a">Mag. phil. Dr. theol.</subfield>
      <subfield code="4">akad</subfield>
      <subfield code="4">https://d-nb.info/standards/elementset/gnd#academicDegree</subfield>
      <subfield code="w">r</subfield>
      <subfield code="i">Akademischer Grad</subfield>
    </datafield>
    <datafield tag="550" ind1=" " ind2=" ">
      <subfield code="0">(DE-101)041329546</subfield>
      <subfield code="0">(DE-588)4132954-5</subfield>
      <subfield code="0">https://d-nb.info/gnd/4132954-5</subfield>
      <subfield code="a">Weihbischof</subfield>
      <subfield code="4">berc</subfield>
      <subfield code="4">https://d-nb.info/standards/elementset/gnd#professionOrOccupation</subfield>
      <subfield code="w">r</subfield>
      <subfield code="i">Charakteristischer Beruf</subfield>
    </datafield>
    <datafield tag="550" ind1=" " ind2=" ">
      <subfield code="0">(DE-101)199280061</subfield>
      <subfield code="0">(DE-588)7793255-9</subfield>
      <subfield code="0">https://d-nb.info/gnd/7793255-9</subfield>
      <subfield code="a">Titularbischof</subfield>
      <subfield code="4">beru</subfield>
      <subfield code="4">https://d-nb.info/standards/elementset/gnd#professionOrOccupation</subfield>
      <subfield code="w">r</subfield>
      <subfield code="i">Beruf</subfield>
    </datafield>
    <datafield tag="550" ind1=" " ind2=" ">
      <subfield code="0">(DE-101)04030020X</subfield>
      <subfield code="0">(DE-588)4030020-1</subfield>
      <subfield code="0">https://d-nb.info/gnd/4030020-1</subfield>
      <subfield code="a">Katholischer Theologe</subfield>
      <subfield code="4">beru</subfield>
      <subfield code="4">https://d-nb.info/standards/elementset/gnd#professionOrOccupation</subfield>
      <subfield code="w">r</subfield>
      <subfield code="i">Beruf</subfield>
    </datafield>
    <datafield tag="551" ind1=" " ind2=" ">
      <subfield code="0">(DE-101)04045648X</subfield>
      <subfield code="0">(DE-588)4045648-1</subfield>
      <subfield code="0">https://d-nb.info/gnd/4045648-1</subfield>
      <subfield code="a">Pfullendorf</subfield>
      <subfield code="4">ortg</subfield>
      <subfield code="4">https://d-nb.info/standards/elementset/gnd#placeOfBirth</subfield>
      <subfield code="w">r</subfield>
      <subfield code="i">Geburtsort</subfield>
    </datafield>
    <datafield tag="551" ind1=" " ind2=" ">
      <subfield code="0">(DE-101)040269914</subfield>
      <subfield code="0">(DE-588)4026991-7</subfield>
      <subfield code="0">https://d-nb.info/gnd/4026991-7</subfield>
      <subfield code="a">Ingolstadt</subfield>
      <subfield code="4">ortw</subfield>
      <subfield code="4">https://d-nb.info/standards/elementset/gnd#placeOfActivity</subfield>
      <subfield code="w">r</subfield>
      <subfield code="i">Wirkungsort</subfield>
    </datafield>
    <datafield tag="551" ind1=" " ind2=" ">
      <subfield code="0">(DE-101)040043916</subfield>
      <subfield code="0">(DE-588)4004391-5</subfield>
      <subfield code="0">https://d-nb.info/gnd/4004391-5</subfield>
      <subfield code="a">Bamberg</subfield>
      <subfield code="4">ortw</subfield>
      <subfield code="4">https://d-nb.info/standards/elementset/gnd#placeOfActivity</subfield>
      <subfield code="w">r</subfield>
      <subfield code="i">Wirkungsort</subfield>
    </datafield>
    <datafield tag="551" ind1=" " ind2=" ">
      <subfield code="0">(DE-101)040043916</subfield>
      <subfield code="0">(DE-588)4004391-5</subfield>
      <subfield code="0">https://d-nb.info/gnd/4004391-5</subfield>
      <subfield code="a">Bamberg</subfield>
      <subfield code="4">orts</subfield>
      <subfield code="4">https://d-nb.info/standards/elementset/gnd#placeOfDeath</subfield>
      <subfield code="w">r</subfield>
      <subfield code="i">Sterbeort</subfield>
    </datafield>
    <datafield tag="667" ind1=" " ind2=" ">
      <subfield code="a">VD-17</subfield>
    </datafield>
    <datafield tag="667" ind1=" " ind2=" ">
      <subfield code="a">VD-16</subfield>
    </datafield>
    <datafield tag="670" ind1=" " ind2=" ">
      <subfield code="a">NDB</subfield>
      <subfield code="b">Band 5 (1961), Seite 105</subfield>
    </datafield>
    <datafield tag="670" ind1=" " ind2=" ">
      <subfield code="a">Gatz, Bischöfe</subfield>
    </datafield>
    <datafield tag="670" ind1=" " ind2=" ">
      <subfield code="a">DbA</subfield>
      <subfield code="b">I 315, 355-364; II 363, 118-122; III 237, 265-266</subfield>
    </datafield>
    <datafield tag="670" ind1=" " ind2=" ">
      <subfield code="a">LThK</subfield>
    </datafield>
    <datafield tag="672" ind1=" " ind2="0">
      <subfield code="a">Christlicher Bericht, wie ein ... Christ auf die 37 Hauptartikel des wahre*</subfield>
      <subfield code="f">1572</subfield>
    </datafield>
    <datafield tag="672" ind1=" " ind2="0">
      <subfield code="a">Christlicher Bericht, wie ein ... Christ auf die 37 Hauptartikel des wahre*</subfield>
      <subfield code="f">1584</subfield>
    </datafield>
    <datafield tag="672" ind1=" " ind2="0">
      <subfield code="a">Kleines christliches und catholisches Betbüchlin</subfield>
      <subfield code="f">1576</subfield>
    </datafield>
    <datafield tag="672" ind1=" " ind2="0">
      <subfield code="a">Kreuzgänge</subfield>
      <subfield code="f">1599</subfield>
    </datafield>
    <datafield tag="672" ind1=" " ind2="0">
      <subfield code="a">14 katholische Leichpredigen über des Fürsten Friderichs Bischoffs zu Würz*</subfield>
      <subfield code="f">1574</subfield>
    </datafield>
    <datafield tag="672" ind1=" " ind2="0">
      <subfield code="a">Ein katholische Meßpredig</subfield>
      <subfield code="f">1575</subfield>
    </datafield>
    <datafield tag="672" ind1=" " ind2="0">
      <subfield code="a">Wintertheil (und Sommertheil) der kleinen catholischen Postill</subfield>
      <subfield code="f">1576</subfield>
    </datafield>
    <datafield tag="672" ind1=" " ind2="0">
      <subfield code="a">Postilla catholica. - 1577 - 1578</subfield>
    </datafield>
    <datafield tag="672" ind1=" " ind2="0">
      <subfield code="a">Wintertheil (und Sommertheil) der kleinen catholischen Postill</subfield>
      <subfield code="f">1579</subfield>
    </datafield>
    <datafield tag="672" ind1=" " ind2="0">
      <subfield code="a">Postilla catholica .... - 1580 - 1585</subfield>
    </datafield>
    <datafield tag="672" ind1=" " ind2="0">
      <subfield code="a">Feucht, Jakob: Bescheidne vnd wolgegruendte Rettung Des Christlichen vnnd kurtzen Berichts: wie ein ... 1573. (VD16 F 820)</subfield>
    </datafield>
    <datafield tag="672" ind1=" " ind2="0">
      <subfield code="a">Feucht, Jakob: Ein Catholische Communion Predig. Jn welcher dise Frage eroertert: Ob es wahr sey: Dass ... 1575. (VD16 ZV 15880)</subfield>
    </datafield>
    <datafield tag="672" ind1=" " ind2="0">
      <subfield code="a">Feucht, Jakob: Fuenff Kurtze Predigen von zweyntzig vermeynten Vrsachen: Warumb etliche Leut diser ... 1594. (VD16 F 836)</subfield>
    </datafield>
    <datafield tag="672" ind1=" " ind2="0">
      <subfield code="a">Feucht, Jakob: Neun vnd dreissig Catholische Predigen Zu vnderschidlichen zeiten vnd von mancherley ... 1578. (VD16 F 861)</subfield>
    </datafield>
    <datafield tag="672" ind1=" " ind2="0">
      <subfield code="a">Feucht, Jakob: EPITOME Postillae Feuchthianae maioris DE SANCTIS. Das ist: Kurtze Catholische ... 1585. (VD16 F 847)</subfield>
    </datafield>
    <datafield tag="672" ind1=" " ind2="0">
      <subfield code="a">Feucht, Jakob: POSTILLA CATHOLICA Euangeliorum de Temporetotius Anni. Das ist: Catholische Außlegung aller ... 1585. (VD16 F 848)</subfield>
    </datafield>
    <datafield tag="672" ind1=" " ind2="0">
      <subfield code="a">Feucht, Jakob: Kleine katholische Postille. 1597. (VD16 ZV 5815)</subfield>
    </datafield>
    <datafield tag="672" ind1=" " ind2="0">
      <subfield code="a">Feucht, Jakob: Fünff Kurtze Predigen von zweyntzig vermeynten Vrsachen: Warumb etliche Leut diser ... 1600. (VD16 F 837)</subfield>
    </datafield>
    <datafield tag="672" ind1=" " ind2="0">
      <subfield code="a">Feucht, Jakob: EPITOME POSTILLAE FEVCHTIANAE DE TEMPORE (DE SANCTIS). Das ist: Kurtze Catholische ... 1582-1583. (VD16 F 846)</subfield>
    </datafield>
    <datafield tag="672" ind1=" " ind2="0">
      <subfield code="a">Feucht, Jakob: EPITOME Postillae Feuchthianae maioris DE TEMPORE (DE SANCTIS.). Das ist: Kurtze ... 1589-1590. (VD16 F 849)</subfield>
    </datafield>
    <datafield tag="678" ind1=" " ind2=" ">
      <subfield code="b">1572-1580 Weihbischof in Bamberg und Titularbischof von Athyra (heute: Büyükçekmece, Türkei)</subfield>
    </datafield>
    <datafield tag="913" ind1=" " ind2=" ">
      <subfield code="S">pnd</subfield>
      <subfield code="i">a</subfield>
      <subfield code="a">Feucht, Jakob</subfield>
      <subfield code="0">(DE-588a)118683519</subfield>
    </datafield>
  </record>
